@book{hinz1987,
    author = {und Heidemarie Koch, Walther Hinz},
    publisher = {Reimer},
    title = {Elamisches Wörterbuch},
    url = {https://archive.org/details/ElamischesWorterbuch.1},
    address = {Berlin},
    ids_url = {http://ids.clld.org/sources/hinz1987},
    year = {1987}
}

@book{grillot1987,
    author = {Grillot-Susini, Françoise},
    publisher = {Editions Recherche sur les Civilisarions},
    title = {Éléments de grammaire élamite},
    series = {Études Élamites},
    address = {Paris},
    ids_url = {http://ids.clld.org/sources/grillot1987},
    volume = {29},
    year = {1987},
    pages = {70}
}
