@misc{key19581964,
    author = {Key, Mary Ritchie},
    title = {[various publications]},
    ids_url = {http://ids.clld.org/sources/key19581964},
    year = {1958-1964}
}

@book{wyma1962,
    author = {Wyma, Richard and Wyma, Lucille P.},
    publisher = {ILV},
    title = {Ese'ejja y Castellano},
    series = {Vocabularios Bolivianos},
    address = {Cochabamba},
    ids_url = {http://ids.clld.org/sources/wyma1962},
    volume = {3},
    year = {1962},
    pages = {vi+110}
}

@misc{shoemaker,
    author = {Shoemaker, Jack and Shoemaker, Nola},
    url = {http://glottolog.org/langdoc?sEcho=1&sSearch_1=Shoemaker&sSearch_4=1963..1975},
    title = {Ese'ejja - various topics},
    ids_url = {http://ids.clld.org/sources/shoemaker}
}
