@book{sapir1939,
    author = {Sapir, Edward and Swadesh, Morris},
    publisher = {Linguistic Society of America},
    title = {Nootka Texts: Tales and Ethnological Narratives, with Grammatical Notes and Lexical Materials},
    url = {https://catalog.hathitrust.org/Record/001009910},
    address = {Philadelphia},
    ids_url = {http://ids.clld.org/sources/sapir1939},
    year = {1939}
}
