@book{seelwische1980,
    author = {Seelwische, José},
    publisher = {Mariscal Estigarribia},
    title = {Diccionario Nivacle-Castellano},
    address = {Paraguay},
    ids_url = {http://ids.clld.org/sources/seelwische1980},
    year = {1980},
    pages = {406}
}

@book{seelwische1990,
    author = {Seelwische, José},
    publisher = {Centro de Estudios Antropológicos, Universidad Católica},
    title = {Diccionario nivaclé: nivaclé-castellano, castellano-nivaclé},
    address = {Asunción},
    ids_url = {http://ids.clld.org/sources/seelwische1990},
    year = {1990},
    pages = {489}
}
