@book{slocum1983,
    author = {Slocum, Marianna C. and Gerdel, Florence L.},
    publisher = {Editorial Townsend},
    title = {Diccionario p치ez-espa침ol, espa침ol-p치ez},
    url = {http://www.sil.org/americas/colombia/pubs/abstract.asp?id=20107},
    address = {Lomalinda},
    ids_url = {http://ids.clld.org/sources/slocum1983},
    edition = {1},
    year = {1983},
    pages = {xxii+493}
}
