@article{vanwynen1962,
    author = {Van Wynen, Donald and de Van Wynen, Mabel G.},
    publisher = {Cochabamba: SIL/MEd: Cochabamba: Instituto Lingüístico de Verano},
    title = {Tacana y castellano},
    series = {Vocabularios Bolivianos},
    journal = {Vocabularios Bolivianos},
    address = {Cochabamba: SIL/MEd},
    ids_url = {http://ids.clld.org/sources/vanwynen1962},
    volume = {2},
    year = {1962},
    pages = {207}
}

@book{ottaviano1989,
    author = {de Ottaviano, Ida and Ottaviano, John},
    publisher = {Dallas, TX: International Linguistics Coordinator, Summer Institute of Linguistics},
    title = {Diccionario tacana-castellano, castellano-tacana},
    address = {Dallas},
    ids_url = {http://ids.clld.org/sources/ottaviano1989},
    year = {1989},
    pages = {vii+232}
}
