@misc{aramaic,
    title = {Standard Lexicons for Aramaic (Ancient)},
    ids_url = {http://ids.clld.org/sources/aramaic}
}
