@misc{prost,
    author = {Prost, Gilbert and Prost, Marian},
    title = {unpublished dictionary file, about 2,000 entries},
    ids_url = {http://ids.clld.org/sources/prost}
}
