@book{biggs1966,
    author = {Biggs, Bruce},
    publisher = {Reed},
    title = {English-Maori dictionary},
    address = {Wellington},
    ids_url = {http://ids.clld.org/sources/biggs1966},
    year = {1966},
    pages = {144}
}

@book{hohepa1967,
    author = {Hohepa, Patrick W.},
    publisher = {Indiana University Press},
    title = {A Profile-Generative Grammar of Maori},
    address = {Bloomington},
    ids_url = {http://ids.clld.org/sources/hohepa1967},
    year = {1967},
    pages = {134}
}
