@book{loriot1993,
    author = {Loriot, James and Day, Dwight and Lauriault, Erwin},
    publisher = {Ministerio de Educación and Instituto Lingüístico de Verano},
    title = {Diccionario shipibo - castellano},
    url = {http://www.sil.org/acpub/repository/slp31.pdf,http://www.sil.org/acpub/repository/slp31-sample.pdf},
    series = {Serie Lingüística Peruana},
    address = {Lima},
    ids_url = {http://ids.clld.org/sources/loriot1993},
    volume = {31},
    year = {1993},
    pages = {554}
}
