@book{stimson1964,
    author = {Stimson, John Francis and Marshall, Donald Stanley},
    publisher = {by the Peabody Museum of Salem, Massachusetts, and Het Koninklijk Instituut voor Taal-, Land- en Volkenkunde},
    title = {A dictionary of some Tuamotuan dialects of the Polynesian language},
    address = {The Hague},
    ids_url = {http://ids.clld.org/sources/stimson1964},
    year = {1964},
    pages = {623}
}
