@book{crofts1981,
    author = {Crofts, Marjorie and Sheffler, Margaret},
    publisher = {Summer Institute of Linguistics},
    address = {Brasília},
    year = {1981},
    ids_url = {http://ids.clld.org/sources/crofts1981},
    title = {Dicionário bilingüe em Português e Mundurukú}
}
