@book{perez1987,
    author = {de Pérez, Mariá Stella González},
    publisher = {Instituto Caro y Cuervo},
    title = {Diccionario y gramática chibcha: manuscrito anónimo de la Biblioteca Nacional de Colombia: transcripción y estudio histórico-analítico},
    series = {Biblioteca "Ezequiel Uricoechea"},
    address = {Bogotá},
    ids_url = {http://ids.clld.org/sources/perez1987},
    volume = {1},
    year = {1987},
    pages = {395}
}
