@book{lehmann1986,
    author = {Lehmann, Winfred P. and Hewitt, Helen-Jo J.},
    publisher = {Brill},
    title = {A Gothic etymological dictionary},
    address = {Leiden},
    ids_url = {http://ids.clld.org/sources/lehmann1986},
    note = {Based on the third},
    edition = {of Vergleichendes Wo?rterbuch der gotischen Sprache by Sigmund Feist Includes index},
    year = {1986},
    pages = {xvii+712}
}
