@misc{casamiquela,
    author = {Casamiquela, Rodolfo},
    url = {http://glottolog.org/langdoc?sEcho=1&sSearch_1=casamiquela&sSearch_2=g%C3%BCn%C3%BCna},
    title = {Gününa-küne - various topics},
    ids_url = {http://ids.clld.org/sources/casamiquela}
}
