@book{blust1988,
    author = {Blust, Robert A.},
    publisher = {Benjamins},
    title = {Austronesian root theory: an essay on the limits of morphology},
    series = {Studies in Language Companion Series},
    address = {Amsterdam},
    ids_url = {http://ids.clld.org/sources/blust1988},
    volume = {19},
    year = {1988},
    pages = {ix+190}
}

@book{geraghty1983,
    author = {Geraghty, Paul A.},
    volume = {19},
    publisher = {University of Hawaii Press},
    title = {The History of the Fijian Languages},
    series = {Oceanic Linguistics Special Publications},
    address = {Honolulu},
    ids_url = {http://ids.clld.org/sources/geraghty1983},
    note = {Includes indexes Bibliography: p. 420-430},
    year = {1983},
    pages = {505}
}
