@misc{shell1959,
    author = {Shell, Olive},
    title = {None},
    ids_url = {http://ids.clld.org/sources/shell1959},
    year = {1959}
}

@misc{shell1965,
    author = {Shell, Olive},
    title = {None},
    ids_url = {http://ids.clld.org/sources/shell1965},
    year = {1965}
}

@book{shell1987,
    author = {Shell R., Olive A. and Dávila, Marlene Ballena},
    publisher = {Ministerio de Educación, Instituto Lingüístico de Verano},
    address = {Yarinacocha, Pucallpa, Peru},
    year = {1987},
    ids_url = {http://ids.clld.org/sources/shell1987},
    title = {Vocabulario cashibo-cacataibo}
}
