@book{priest1985,
    author = {Priest, Anne and Priest, Perry N.},
    publisher = {Instituto Lingüístico de Verano},
    title = {Diccionario sirionó y castellano},
    url = {http://www.sil.org/acpub/repository/19157_front.pdf,http://www.sil.org/acpub/repository/19157.pdf},
    address = {Cochabamba},
    ids_url = {http://ids.clld.org/sources/priest1985},
    year = {1985},
    pages = {146}
}
