@misc{fortune,
    author = {Fortune, David Lee},
    url = {http://glottolog.org/langdoc?sEcho=1&sSearch_1=fortune&sSearch_2=karaj%C3%A1},
    title = {Karaj√° - various topics},
    ids_url = {http://ids.clld.org/sources/fortune}
}
