@book{churchward1940,
    author = {Churchward, C. Maxwell},
    publisher = {Australian Medical Publ. Comp.},
    title = {Rotuman grammar and dictionary: comprising Rotuman phonetics and grammar and a Rotuman - English dictionary},
    ids_url = {http://ids.clld.org/sources/churchward1940},
    note = {Also as PhD U Melbourne 1940},
    year = {1940},
    pages = {363}
}

@incollection{geraghty1995,
    editor = {Tryon, Darrell T.},
    author = {Geraghty, Paul},
    publisher = {De Gruyter Mouton},
    title = {75. Rotuman},
    url = {http://www.degruyter.com/view/books/9783110884012/9783110884012.2.931/9783110884012.2.931.xml},
    booktitle = {Comparative Austronesian Dictionary. An Introduction to Austronesian Studies},
    address = {Berlin, New York},
    ids_url = {http://ids.clld.org/sources/geraghty1995},
    year = {1995},
    pages = {931-936}
}
