@book{tuinukuafe1992,
    author = {Tu'inukuafe, Edgar},
    publisher = {Polynesian Press},
    address = {Auckland},
    year = {1992},
    ids_url = {http://ids.clld.org/sources/tuinukuafe1992},
    title = {A Simplified Dictionary of Modern Tongan}
}

@book{shumway1971,
    author = {Shumway, Eric B.},
    publisher = {University of Hawaii Press},
    title = {Intensive Course in Tongan},
    series = {PALI Language Texts: Polynesia},
    address = {Honolulu},
    ids_url = {http://ids.clld.org/sources/shumway1971},
    year = {1971},
    pages = {760}
}
