@book{key1953,
    author = {Key, Mary R. and Key, Harold},
    publisher = {Instituto Lingüístico de Verano},
    title = {Vocabulario mejicano de la Sierra de Zacapoaxtla, Puebla},
    address = {Mexico},
    ids_url = {http://ids.clld.org/sources/key1953},
    year = {1953},
    pages = {232}
}
