@book{wiesemann1981,
    author = {Wiesemann, Ursula},
    publisher = {Summer Institute of Linguistics},
    title = {Dicionário kaingáng-português, português-kaingáng},
    address = {Brasília, D.F.},
    ids_url = {http://ids.clld.org/sources/wiesemann1981},
    year = {1981},
    pages = {289}
}
