@book{davis1980,
    author = {Davis, Philip W. and Saunders, Ross},
    publisher = {British Columbia Provincial Museum},
    address = {Victoria},
    year = {1980},
    ids_url = {http://ids.clld.org/sources/davis1980},
    title = {Bella Coola Texts}
}
