@misc{keyharold,
    author = {Key, Harold H.},
    title = {None},
    ids_url = {http://ids.clld.org/sources/keyharold}
}
