@book{dejong1926,
    author = {Josselin de Jong, J.P.B. de},
    volume = {26},
    publisher = {Koninklijke Academie van Wetenschappen te Amsterdam},
    title = {Het huidige Negerhollandsch (teksten en woordenlijst)},
    series = {Verhandelingen der Koninklijke Academie van Wetenschappen te Amsterdam},
    address = {Amsterdam},
    number = {1},
    ids_url = {http://ids.clld.org/sources/dejong1926},
    note = {At head of title : Danish-Dutch Archaeological Exp},
    edition = {1923},
    year = {1926},
    pages = {123}
}

@misc{nelson1936,
    author = {Nelson},
    title = {word list},
    ids_url = {http://ids.clld.org/sources/nelson1936},
    year = {1936}
}
