@book{buck1949,
    author = {Buck, Carl Darling},
    publisher = {University of Chicago Press Chicago},
    title = {A dictionary of selected synonyms in the principal Indo-European language},
    ids_url = {http://ids.clld.org/sources/buck1949},
    year = {1949},
    type = {Book},
    pages = {xix, 1515}
}

@book{med1952,
    author = {Kurath, Hans and Kuhn, Sherman M. and Lewis, Robert E.},
    publisher = {University of Michigan Press},
    title = {Middle English dictionary},
    ids_url = {http://ids.clld.org/sources/med1952},
    year = {1952}
}
