@book{borman1976,
    author = {Borman, M. B.},
    publisher = {Instituto Lingüístico de Verano},
    title = {Vocabulario cofán: Cofán-castellano, castellano-cofán},
    series = {Serie de vocabularios indígenas "Mariano Silva y Aceves"},
    address = {Quito},
    ids_url = {http://ids.clld.org/sources/borman1976},
    volume = {19},
    year = {1976},
    pages = {122}
}
