@book{unruh1997,
    author = {Unruh, Ernesto and Kalisch, Hannes},
    publisher = {Comunidad Enlhet/ CEADUC},
    title = {Moya'ansaeclha' Nengelpayvaam Nengeltomha Enlhet / apquela'ansaeclhee eeca'apquel-payvaam coo Ya'alve-Saanga enlhet acnoo nac Ernesto Unruh nahan Hannes Kalisch},
    series = {Biblioteca Paraguaya de Antropología},
    address = {Ya'alve-Saanga/Asunción},
    ids_url = {http://ids.clld.org/sources/unruh1997},
    volume = {27},
    year = {1997}
}
