@book{dunn1995,
    author = {Dunn, John A.},
    publisher = {University of Washington Press},
    title = {Sm'algyax: A Reference Grammar for the Coast Tsimshian Language},
    address = {Washington D. C},
    ids_url = {http://ids.clld.org/sources/dunn1995},
    note = {One-volume reprint of 1978 Dictionary of and 1979 Grammar.},
    year = {1995}
}
