@article{moore1966,
    author = {Moore, Bruce R.},
    publisher = {ILV},
    title = {Diccionario castellano-colorado, colorado-castellano},
    journal = {Llacta},
    address = {Quito},
    ids_url = {http://ids.clld.org/sources/moore1966},
    volume = {22},
    year = {1966},
    pages = {95-221}
}
