@book{mosonyi1987,
    author = {Mosonyi, Jorge Carlos},
    pages = {241},
    address = {Caracas, Venezuela},
    year = {1987},
    ids_url = {http://ids.clld.org/sources/mosonyi1987},
    title = {El idioma Yavitero}
}
