@misc{east,
    author = {East, Guy and East, Jeanne},
    title = {None},
    ids_url = {http://ids.clld.org/sources/east}
}
