@book{lawrence1977,
    author = {Lawrence, Erma},
    publisher = {Soc. for the Preservation of Haida Language and Literature},
    title = {Haida dictionary},
    url = {http://eric.ed.gov/ERICDocs/data/ericdocs2sql/content_storage_01/0000019b/80/38/c6/80.pdf},
    address = {Fairbanks, Alaska},
    ids_url = {http://ids.clld.org/sources/lawrence1977},
    note = {English or Haida},
    year = {1977},
    pages = {464}
}

@book{tolmie1884,
    author = {Tolmie, William Fraser and Dawson, George Mercer},
    publisher = {Dawson},
    title = {Comparative Vocabularies of the Indian tribes of British Columbia: with a map illustrating distribution},
    url = {http://eco.canadiana.ca/view/oocihm.06186/3?r=0&s=1},
    address = {Montreal},
    ids_url = {http://ids.clld.org/sources/tolmie1884},
    note = {At the head of title: Geological and natural history survey of Canada, Alfred R.C. Selwyn ... director.},
    year = {1884},
    pages = {131}
}
