@book{buck1949,
    author = {Buck, Carl Darling},
    publisher = {University of Chicago Press Chicago},
    title = {A dictionary of selected synonyms in the principal Indo-European language},
    ids_url = {http://ids.clld.org/sources/buck1949},
    year = {1949},
    type = {Book},
    pages = {xix, 1515}
}
