@book{glare1997,
    author = {Glare, P. G. W.},
    publisher = {Oxford Univ. Press},
    title = {Oxford Latin dictionary},
    address = {Oxford},
    ids_url = {http://ids.clld.org/sources/glare1997},
    year = {1997},
    pages = {xxiii+2126}
}

@book{ainsworth1923,
    author = {Ainsworth, Robert and Morell, Thomas},
    publisher = {Nabu Press},
    title = {Dictionary, English and Latin},
    ids_url = {http://ids.clld.org/sources/ainsworth1923},
    year = {1923}
}

@book{ernout2001,
    author = {Ernout, Alfred and Meillet, Alfred},
    publisher = {Klincksieck},
    address = {Paris},
    year = {2001},
    ids_url = {http://ids.clld.org/sources/ernout2001},
    title = {Dictionnaire Etymologique de La Langue Latine}
}
