@book{dordillon1932,
    author = {Dordillon, R. I.},
    publisher = {Institut d'Éthnologie},
    title = {Dictionnaire de la Langue des Îles Marquises: Français-Marquisien},
    address = {Paris},
    ids_url = {http://ids.clld.org/sources/dordillon1932},
    year = {1932},
    pages = {598}
}

@book{dordillon1931,
    author = {Dordillon, R. I.},
    publisher = {Institut d'Éthnologie},
    title = {Grammaire et Dictionnaire de la Langue des Îles Marquises},
    series = {Travaux et Mémoires de l'Institut d'Éthnologie},
    address = {Paris},
    ids_url = {http://ids.clld.org/sources/dordillon1931},
    volume = {XVII},
    year = {1931},
    pages = {498}
}
