@book{gillian1996,
    author = {Naish, Constance and Story, Gillian},
    publisher = {Sheldon Jackson College},
    title = {English-Tlingit Dictionary: Nouns},
    address = {[Sitka, Alas.]},
    ids_url = {http://ids.clld.org/sources/gillian1996},
    edition = {2},
    year = {1996},
    pages = {xxvi+117}
}

@book{gillian1973,
    author = {Story, Gillian L. and Naish, Constance M.},
    publisher = {Alaska Native Language Center},
    title = {Tlingit Verb Dictionary},
    address = {Fairbanks},
    ids_url = {http://ids.clld.org/sources/gillian1973},
    year = {1973},
    pages = {392}
}
