@book{powlison1995,
    author = {Powlison, Paul},
    publisher = {Ministerio de Educación and Instituto Lingüístico de Verano},
    title = {Diccionario Yagua - Castellano},
    url = {http://www.sil.org/americas/peru/html/pubs/show_work.asp?id=590},
    series = {Serie Lingüística Peruana},
    journal = {Serie Lingüística Peruana},
    address = {Lima},
    ids_url = {http://ids.clld.org/sources/powlison1995},
    volume = {35},
    year = {1995},
    pages = {771}
}
