@book{ott1983,
    author = {Ott, Willis and Ott, Rebecca B.},
    publisher = {Instituto Lingüístico de Verano},
    title = {Diccionario ignaciano y castellano, con apuntes gramáticales},
    url = {http://www.sil.org/acpub/repository/18865_front.pdf,http://www.sil.org/acpub/repository/18865.pdf},
    address = {Cochabamba},
    ids_url = {http://ids.clld.org/sources/ott1983},
    year = {1983},
    pages = {644}
}
