@book{bargery1934,
    author = {Bargery, G. P. and Westermann, Diedrich},
    publisher = {Oxford Univ. Press},
    title = {A Hausa-English dictionary and English-Hausa vocabulary},
    address = {London},
    ids_url = {http://ids.clld.org/sources/bargery1934},
    year = {1934},
    pages = {liv+1226}
}

@book{newman1990,
    author = {Newman, Roxana Ma},
    publisher = {Yale University Press},
    title = {An English-Hausa Dictionary},
    series = {Yale language serie},
    address = {New Haven},
    ids_url = {http://ids.clld.org/sources/newman1990},
    volume = {le language series},
    year = {1990},
    pages = {xxi+327}
}
