@article{roussel1908,
    author = {Roussel, Hippolyte},
    title = {Vocabulaire de la langue d'île-de-paques ou Rapanui},
    journal = {Le Muséon, Nouvelle Série},
    ids_url = {http://ids.clld.org/sources/roussel1908},
    volume = {IX},
    year = {1908},
    pages = {159-253}
}

@book{fuentes1960,
    author = {Fuentes, Jordi},
    publisher = {Editorial Andres Bello},
    address = {Santiago, Chile},
    year = {1960},
    ids_url = {http://ids.clld.org/sources/fuentes1960},
    title = {Diccionario y gramatica de la lengua de la Isla de Pascua: pascuense-castellano, castellano-pascuense}
}

@book{thomson1891,
    author = {Thomson, William Judah},
    publisher = {Washington, D.C.: Govt. Print},
    title = {Te Pito te Henua, or Easter Island},
    url = {https://catalog.hathitrust.org/Record/003505362},
    ids_url = {http://ids.clld.org/sources/thomson1891},
    note = {At head of title: Smithsonian Institution. United States National Museum},
    year = {1891}
}

@misc{aguera1770,
    author = {de Agüera y Infanzon, Don Francisco Antonio},
    url = {https://www.easterisland.travel/easter-island-facts-and-info/history/ship-logs-and-journals/don-felipe-gonzalez-1770/},
    title = {Ship logs of 1770 voyage of Captain Don Felipe González},
    ids_url = {http://ids.clld.org/sources/aguera1770},
    year = {1770}
}

@book{forster1778,
    author = {Forster, Johann Reinhold},
    publisher = {Robinson},
    title = {Observations Made During a Voyage Round the World, on Physical Geography, Natural History, and Ethic Philosophy},
    url = {https://books.google.de/books?id=49ZXAAAAcAAJ},
    address = {London},
    ids_url = {http://ids.clld.org/sources/forster1778},
    year = {1778}
}

@book{englert1978,
    author = {Englert, Sebastian},
    publisher = {Editorial de la Universidad de Chile},
    title = {Idioma Rapanui},
    address = {Santiago de Chile},
    ids_url = {http://ids.clld.org/sources/englert1978},
    year = {1978},
    pages = {287}
}

@book{martinez1913,
    author = {Martinez, Edgardo},
    publisher = {Seccion impresiones del Instituto meteorologico},
    address = {Santiago de Chile},
    year = {1913},
    ids_url = {http://ids.clld.org/sources/martinez1913},
    title = {Vocabulario de la lengua Rapa-nui}
}
