@misc{baptistawallin,
    author = {Baptista, Priscilla and Wallin, Ruth},
    url = {http://glottolog.org/langdoc?sEcho=1&sSearch_1=Baptista&sSearch_2=Baure},
    title = {Baure - various topics},
    ids_url = {http://ids.clld.org/sources/baptistawallin}
}
