@book{gill1983,
    author = {Gill, Wayne},
    publisher = {Misión Evangélica Nuevas Tribus},
    address = {San Lorenzo de Mojos},
    year = {1993 [1970]},
    ids_url = {http://ids.clld.org/sources/gill1983},
    title = {Diccionario Trinitario-Castellano y Castellano-Trinitario}
}
