@book{pitman1981,
    author = {Pitman, Mary},
    publisher = {Instituto Lingüístico de Verano and Ministerio de Educación y Cultura},
    title = {Diccionario araona y castellano},
    url = {http://www.sil.org/acpub/repository/16381_front.pdf, http://www.sil.org/acpub/repository/16381.pdf},
    address = {Riberalta},
    ids_url = {http://ids.clld.org/sources/pitman1981},
    year = {1981},
    pages = {390}
}

@book{key1968,
    author = {Key, Mary R.},
    publisher = {Mouton},
    title = {Comparative Tacanan phonology: with Cavieña phonology and notes on Pano-Tacanan relationship},
    series = {Janua Linguarum : Series Practica},
    address = {The Hague},
    ids_url = {http://ids.clld.org/sources/key1968},
    volume = {50},
    year = {1968},
    pages = {107}
}
