@book{pukui1975,
    author = {Pukui, Mary Kawena and Elbert, Samuel H. and Mookini, Esther K.},
    url = {http://openlibrary.org/books/OL5070043M},
    publisher = {Honolulu University Press of Hawaii},
    ids_url = {http://ids.clld.org/sources/pukui1975},
    year = {1975},
    title = {The pocket Hawaiian dictionary, with a concise Hawaiian grammar}
}
