@book{huber1992,
    editor = {Huber, Randall Q. and Reed, Robert B.},
    author = {Huber, R. Q. and Reed, R. B.},
    publisher = {ILV},
    title = {Vocabulario Comparativo: Palabras Selectas de Lenguas Indígenas de Colombia},
    address = {Santafé de Bogotá},
    ids_url = {http://ids.clld.org/sources/huber1992},
    year = {1992},
    pages = {xxxvi+387}
}
