@book{judy1962,
    author = {Judy, Robert A. and Judy, Judith},
    publisher = {Instituto Lingüístico de Verano},
    title = {Movima y castellano},
    series = {Vocabularios Bolivianos},
    journal = {Vocabularios Bolivianos},
    address = {Cochabamba},
    ids_url = {http://ids.clld.org/sources/judy1962},
    volume = {1},
    year = {1962},
    pages = {154}
}
