@misc{cosper1996,
    author = {Cosper, Ronald},
    publisher = {Saint Mary's University},
    title = {Polci-English-Hausa Dictionary},
    address = {Halifax, Canada},
    ids_url = {http://ids.clld.org/sources/cosper1996},
    year = {1996},
    howpublished = {in manuscript}
}
