@book{buck1949,
    author = {Buck, Carl Darling},
    publisher = {University of Chicago Press Chicago},
    title = {A dictionary of selected synonyms in the principal Indo-European language},
    ids_url = {http://ids.clld.org/sources/buck1949},
    year = {1949},
    type = {Book},
    pages = {xix, 1515}
}

@book{liddell1996,
    author = {Liddell, Henry George and Scott, Robert},
    publisher = {Oxford Univ. Press},
    title = {A Greek - English lexicon},
    address = {Oxford},
    ids_url = {http://ids.clld.org/sources/liddell1996},
    edition = {9},
    year = {1996},
    pages = {xlv+2042}
}

@book{magnien1985,
    author = {Magnien, Victor and Lacroix, Maurice},
    publisher = {Belin},
    title = {Dictionnaire grec-fran√ßais},
    ids_url = {http://ids.clld.org/sources/magnien1985},
    year = {1985}
}
