@incollection{wheeler1962,
    editor = {Elson, Benjamin},
    author = {Wheeler, A. and Wheeler, M.},
    publisher = {Summer Institute of Linguistics and University of Oklahoma},
    title = {Siona Phonemics},
    booktitle = {Studies in Ecuadorian Indian Languages 1},
    address = {Norman},
    ids_url = {http://ids.clld.org/sources/wheeler1962},
    year = {1962},
    pages = {96â€“111}
}
