@book{kinkade1991,
    author = {Kinkade, M. Dale},
    publisher = {Univerity of Montana},
    title = {Upper Chehalis Dictionary},
    series = {University of Montana Occasional Papers in Linguistics},
    address = {Missoula},
    ids_url = {http://ids.clld.org/sources/kinkade1991},
    volume = {7},
    year = {1991},
    pages = {xv+378}
}
