@book{camp1967,
    author = {Camp, Elizabeth L. and Liccardi, Millicent R.},
    publisher = {Instituto Lingüístico de Verano},
    title = {Itonama, castellano e inglés},
    url = {11281},
    series = {Vocabularios Bolivianos},
    address = {Riberalta},
    ids_url = {http://ids.clld.org/sources/camp1967},
    volume = {6},
    year = {1967},
    pages = {277}
}
