@misc{matteson,
    author = {Matteson, Esther},
    title = {[various publications]},
    ids_url = {http://ids.clld.org/sources/matteson}
}

@book{nies1986,
    author = {Nies, Joyce},
    publisher = {Ministerio de Educación and Instituto Lingüístico de Verano},
    title = {Diccionario Piro (Tokanchi gikshijikowaka-steno)},
    url = {http://www.sil.org/acpub/repository/slp22.pdf,http://www.sil.org/acpub/repository/slp22-sample.pdf},
    series = {Serie Lingüística Peruana},
    address = {Yarinacocha},
    ids_url = {http://ids.clld.org/sources/nies1986},
    volume = {22},
    year = {1986},
    pages = {593}
}
