@book{newmark_albanian1982.pdf,
  address       = {Stanford, California},
  author        = {Newmark, Leonard and Hubbard, Philip and Prifti, Peter},
  pages         = {xvii+347},
  publisher     = {Stanford University Press},
  title         = {Standard Albanian: a reference grammar for students},
  year          = {1982},
  bibtexkey     = {hubbard-newmark-prifti_albanian-students1982},
  document_type = {CF},
  fn            = {eurasia\newmark_albanian1982.pdf, Eurasia/newmark_albanian1982.pdf},
  fnnote        = {pdf, 22,0 MB},
  hhtype        = {grammar},
  inlg          = {English [eng]},
  inlg_code     = {eng},
  macro_area    = {Eurasia},
  mpifn         = {albanian_newmark1982.pdf},
  src           = {hh, mpieva, wals},
  srctrickle    = {hh#g:Newmark:Standard-Albanian, mpieva#Newmark1982Standard, wals#4384}
}
@incollection{kallulli_albanian2011.pdf,
  address    = {Berlin, Boston},
  author     = {Dalina Kallulli},
  booktitle  = {The Languages and Linguistics of Europe: A Comprehensive Guide},
  editor     = {Kortmann, Bernd and van der Auwera, Johan},
  pages      = {199-208},
  publisher  = {Berlin: Mouton},
  series     = {The World of Linguistics},
  title      = {Albanian},
  url        = {http://www.degruyter.com/view/books/9783110220261/9783110220261.199/9783110220261.199.xml},
  volume     = {1},
  year       = {2011},
  bibtexkey  = {kallulli_albanian2011},
  doi        = {10.1515/9783110220261.199},
  fn         = {eurasia\kallulli_albanian2011.pdf},
  hhtype     = {overview;specific_feature},
  inlg       = {English [eng]},
  macro_area = {Eurasia},
  src        = {degruyter, hh},
  srctrickle = {degruyter#/books/9783110220261/9783110220261.199/9783110220261.199.xml, hh#htyp:Kallulli:Albanian}
}
@book{skj_avestan2003,
  author     = {Prods Oktor Skjærvø},
  edition    = {4},
  publisher  = {N/A},
  title      = {An Introduction to Young Avestan},
  year       = {2003},
  bibtexkey  = {skjervo_young-avestan2003},
  fn         = {eurasia\skj_avestan2003.pdf},
  hhtype     = {grammar},
  inlg       = {English [eng]},
  macro_area = {Eurasia},
  src        = {hh},
  srctrickle = {hh#g:Skjaervo:YAvestan}
}
@book{beekes_gatha-avestan1988_o,
  address               = {Leiden},
  author                = {Beekes, Robert S. P.},
  pages                 = {xxii+242},
  publisher             = {Brill},
  title                 = {A grammar of Gatha-Avestan},
  url                   = {http://print.google.com/print?id=10Yhw7zQGjYC},
  year                  = {1988},
  bibtexkey             = {beekes_gatha-avestan1988},
  class_loc             = {PK6102},
  document_type         = {B},
  fn                    = {eurasia\beekes_gatha-avestan1988.djvu, eurasia\beekes_gatha-avestan1988_o.pdf},
  hhtype                = {grammar},
  inlg                  = {English [eng]},
  inlg_code             = {eng},
  isbn                  = {9789004083325},
  macro_area            = {Eurasia},
  mpi_eva_library_shelf = {PK 6102 BEE 1988},
  src                   = {hh, mpieva},
  srctrickle            = {hh#g:Beekes:Gatha-Avestan, mpieva#Beekes1988Agrammar},
  subject_headings      = {Avestan language–Morphology, Avestan language–Phonology, Avestan language–Morphology – Avestan language–Phonology}
}
@incollection{bertinetto_ayoreo2014_o,
  address    = {La Paz},
  author     = {Bertinetto, Pier Marco},
  booktitle  = {Oriente},
  editor     = {Pieter Muysken and Mily Crevels},
  pages      = {369-413},
  publisher  = {Plural Editores},
  series     = {Lenguas de Bolivia},
  title      = {Ayoreo},
  volume     = {3},
  year       = {2014},
  bibtexkey  = {bertinetto_ayoreo2014},
  fn         = {south_america\crevels-muysken_oriente2014_o.pdf, south_america\bertinetto_ayoreo2014.pdf, south_america\crevels-muysken_oriente2014.pdf, south_america\bertinetto_ayoreo2014_o.pdf},
  hhtype     = {grammar_sketch},
  inlg       = {Spanish [spa]},
  macro_area = {South America},
  src        = {hh},
  srctrickle = {hh#s:Bertinetto:Ayoreo:2014}
}
@book{hualde_basque2003,
  address               = {Berlin, New York},
  author                = {José I. Hualde and Jon Ortiz de Urbana},
  editor                = {Hualde, José Ignacio and Ortiz de Urbina, Jon},
  note                  = {Includes bibliographical references and index},
  pages                 = {976},
  publisher             = {Berlin: Mouton de Gruyter},
  series                = {Mouton Grammar Library},
  title                 = {A Grammar of Basque},
  url                   = {http://www.degruyter.com/view/books/9783110895285/9783110895285/9783110895285.xml},
  volume                = {26},
  year                  = {2003},
  bibtexkey             = {hualde-de_grammar-basque2003},
  class_loc             = {PH5031},
  document_type         = {B},
  doi                   = {10.1515/9783110895285},
  fn                    = {eurasia\hualde-urbana_basque2003_s.pdf, eurasia\hualde_basque2003_o.pdf, eurasia\hualde_basque2003.pdf, eurasia/hualde_basque2003_o.pdf},
  hhtype                = {grammar},
  inlg                  = {English [eng]},
  isbn                  = {978-3-11-017683-4, 9783110176834},
  macro_area            = {Eurasia},
  mpi_eva_library_shelf = {PH 5031 GRA 2003},
  mpifn                 = {basque_hualde2003_o.pdf},
  src                   = {degruyter, hh, mpieva, wals},
  srctrickle            = {degruyter#/books/9783110895285/9783110895285/9783110895285.xml, hh#g:HualdeUrbana:Basque, mpieva#2003Agrammar, wals#6843},
  subject_headings      = {Basque language–Grammar, Basque language–Grammar}
}
@book{saltarelli_basque1988.pdf,
  address               = {New York},
  author                = {Saltarelli, Mario},
  pages                 = {311},
  publisher             = {Croom Helm},
  series                = {Croom Helm Descriptive Grammars},
  title                 = {Basque},
  year                  = {1988},
  bibtexkey             = {saltarelli_basque1988},
  class_loc             = {PH5031},
  document_type         = {B},
  fn                    = {eurasia\saltarelli_basque1988.pdf},
  hhtype                = {grammar},
  inlg                  = {English [eng]},
  inlg_code             = {eng},
  macro_area            = {Eurasia},
  mpi_eva_library_shelf = {PH 5031 SAL 1988},
  src                   = {hh, mpieva},
  srctrickle            = {hh#g:Saltarelli:Basque, mpieva#Saltarelli1988Basque},
  subject_headings      = {Basque language–Grammar, Basque language–Grammar}
}
@book{davis-saunders_bella-coola1997_o.pdf,
  author                = {Philip W. Davis and Ross Saunders},
  pages                 = {iii+188},
  publisher             = {University of Montana},
  series                = {University of Montana Occasional Papers in Linguistics},
  title                 = {A Grammar of Bella Coola},
  volume                = {13},
  year                  = {1997},
  bibtexkey             = {davis-saunders_bella-coola1997},
  class_loc             = {PM675},
  document_type         = {B},
  fn                    = {north_america\davis-saunders_bella-coola1997.pdf, north_america\davis-saunders_bella-coola1997_o.pdf},
  hhtype                = {grammar},
  inlg                  = {English [eng]},
  inlg_code             = {eng},
  isbn                  = {9781879763135},
  macro_area            = {North America},
  mpi_eva_library_shelf = {PM 675 DAV 1997},
  src                   = {hh, mpieva, wals},
  srctrickle            = {hh#g:DavisSaunders:Bella-Coola, mpieva#Davis1997Agrammar, wals#1351},
  subject_headings      = {Bella Coola language–Grammar, Bella Coola language–Sentences, Bella Coola language–Grammar – Bella Coola language–Sentences}
}
@book{nater_bella-coola1984,
  address               = {Ottawa},
  author                = {Hank F. Nater},
  pages                 = {170},
  publisher             = {National Museums of Canada},
  series                = {Paper / National Museums of Canada, National Museum of Man, Canadian Ethnology Service},
  title                 = {The Bella Coola Language},
  volume                = {92},
  year                  = {1984},
  added                 = {2013-09-01 12:19:49 +0000},
  bibtexkey             = {nater_bella-coola1984},
  class_loc             = {PM675},
  document_type         = {B},
  fn                    = {north_america\nater_bella-coola1984.pdf},
  hhtype                = {grammar},
  inlg                  = {English [eng]},
  inlg_code             = {eng},
  keywords              = {Bella Coola},
  macro_area            = {North America},
  modified              = {2013-09-01 12:19:49 +0000},
  mpi_eva_library_shelf = {PM 675 NAT 1984},
  src                   = {hh, mpieva, phoible},
  srctrickle            = {hh#g:Nater:BellaCoola, mpieva#Nater1984TheBella, phoible#Nater1984},
  subject_headings      = {Bella Coola language–Grammar, Bella Coola language–Grammar}
}
@mastersthesis{aguiar_katukina1988,
  address               = {Campinas},
  author                = {de Aguiar, Maria Suelí},
  pages                 = {78},
  publisher             = {Univ.},
  school                = {Universidade Estadual de Campinas},
  title                 = {Elementos de descrição sintática para uma gramática do katukina},
  year                  = {1988},
  bibtexkey             = {aguiar_sintatica-katukina1988},
  document_type         = {B},
  fn                    = {south_america\aguiar_katukina1988.pdf},
  hhtype                = {grammar_sketch},
  inlg                  = {Portuguese [por]},
  inlg_code             = {por},
  macro_area            = {South America},
  mpi_eva_library_shelf = {PM 6773 AGU 1988},
  src                   = {fabreall2009ann, hh, mpieva},
  srctrickle            = {fabreall2009ann#Pano-Takana_shanenawa02, hh#s:Aguiar:Katukina, mpieva#Aguiar1988Elemento}
}
@phdthesis{aguiar_katukina1994_o.pdf,
  address               = {Campinas},
  author                = {de Aguiar, Maria Suelí},
  howpublished          = {getr. Zählg.},
  pages                 = {405},
  publisher             = {Univ.},
  school                = {Universidade Estadual de Campinas},
  title                 = {Análise descritiva e teórica do Katukina-Pano},
  url                   = {http://www.etnolinguistica.org/tese:aguiar-1994},
  year                  = {1994},
  bibtexkey             = {aguiar_descritiva-teorica1994},
  document_type         = {B},
  fn                    = {south_america\aguiar_katukina-pano1994.pdf, south_america\aguiar_katukina1994_o.pdf, south_america/aguiar_katukina1994_o.pdf},
  hhtype                = {grammar},
  inlg                  = {Portuguese [por]},
  inlg_code             = {por},
  macro_area            = {South America},
  mpi_eva_library_shelf = {PM 6773 AGU 1994},
  mpifn                 = {katukina_aguiar1994_o.pdf},
  src                   = {fabreall2009ann, hh, mpieva},
  srctrickle            = {fabreall2009ann#Pano-Takana_shanenawa06, hh#g:Aguiar:Katukina, mpieva#Aguiar1994Analised}
}
@book{guillaume_cavinena2008v3,
  address               = {Berlin},
  author                = {Antoine Guillaume},
  pages                 = {xxiv+900},
  publisher             = {Mouton de Gruyter},
  series                = {Mouton Grammar Library},
  title                 = {A grammar of Cavineña},
  url                   = {http://www.degruyter.com/view/books/9783110211771/9783110211771/9783110211771.xml},
  volume                = {44},
  year                  = {2008},
  added                 = {2014-07-09 13:41:25 +0000},
  bibtexkey             = {guillaume_grammar-cavinena2008},
  class_loc             = {PM7088},
  document_type         = {B},
  doi                   = {10.1515/9783110211771},
  fn                    = {south_america\guillaume_cavinena2008v3.pdf, south_america\guillaume_cavinena2008.pdf, south_america\guillaume_cavinena2008pages.pdf, south_america\guillaume_cavinena2008v2.pdf},
  hhtype                = {grammar},
  inlg                  = {English [eng]},
  inlg_code             = {eng},
  isbn                  = {9783110188424, 978-3-11-018842-4},
  macro_area            = {South America},
  modified              = {2014-07-09 13:41:26 +0000},
  mpi_eva_library_shelf = {PM 7088 GUI 2008},
  src                   = {degruyter, gj, hh, mpieva, phoible},
  srctrickle            = {degruyter#/books/9783110211771/9783110211771/9783110211771.xml, gj#guillaume08cavinena, hh#g:Guillaume:Cavinena, mpieva#Guillaume2008Agrammar, phoible#2045_Guillaume2008},
  subject_headings      = {Cavineño language –Grammar, Cavineño language –Grammar}
}
@incollection{li_chadong2008_o,
  address    = {London &New York},
  author     = {Li, Jinfang},
  booktitle  = {The Tai-Kadai Languages},
  editor     = {Anthony V. N. Diller and Jerold A. Edmondson and Yongxian Luo},
  pages      = {596-620},
  publisher  = {Routledge},
  title      = {Chadong, a newly-discovered Kam-Sui language in Guangxi, China},
  year       = {2008},
  bibtexkey  = {li_chadong-guangxi2008},
  fn         = {eurasia\li_chadong2008_o.pdf},
  hhtype     = {grammar_sketch},
  inlg       = {English [eng]},
  inlg_code  = {eng},
  macro_area = {Eurasia},
  src        = {hh},
  srctrickle = {hh#s:Li:Chadong}
}
@incollection{cerron-palomino_chipaya2009,
  address    = {La Paz},
  author     = {Cerrón-Palomino, Rodolfo},
  booktitle  = {Ambito Andino},
  editor     = {Mily Crevels and Pieter Muysken},
  pages      = {29-78},
  publisher  = {Plural Editores},
  series     = {Lenguas de Bolivia},
  title      = {Chipaya},
  volume     = {1},
  year       = {2009},
  bibtexkey  = {cerron-palomino_chipaya2009},
  fn         = {south_america\cerron-palomino_chipaya2009.pdf},
  hhtype     = {grammar_sketch},
  inlg       = {Spanish [spa]},
  inlg_code  = {spa},
  macro_area = {South America},
  src        = {hh},
  srctrickle = {hh#s:Cerron-Palomino:Chipaya}
}
@book{cerron_chipaya2006.pdf,
  address               = {Lima},
  author                = {Cerrón-Palomino, Rodolfo},
  edition               = {1},
  pages                 = {xviii+309},
  publisher             = {Fondo Editorial, Pontificia Universidad Católica del Perú},
  title                 = {El Chipaya o Lengua de los Hombres del Agua},
  year                  = {2006},
  bibtexkey             = {cerron-palomino_hombres-agua2006},
  class_loc             = {PM5814.C5},
  document_type         = {B},
  fn                    = {south_america\cerron-palomino_chipaya2006.pdf, south_america\cerron_chipaya2006.pdf},
  hhtype                = {grammar},
  inlg                  = {Spanish [spa]},
  inlg_code             = {spa},
  isbn                  = {9789972427718},
  macro_area            = {South America},
  mpi_eva_library_shelf = {PM 5814 .C5 CER 2006},
  src                   = {hh, mpieva},
  srctrickle            = {hh#g:Cerron-Palomino:Chipaya, mpieva#CerronPalomino2006Elchipay},
}
@book{Elamite_Language,
  address               = {Roma},
  author                = {Margaret Khacikjan},
  pages                 = {x+100},
  publisher             = {Consiglio nazionale delle ricerche, istituto per gli studi micenei ed egeo-anatolici},
  series                = {Documenta Asiana},
  title                 = {The Elamite Language},
  volume                = {4},
  year                  = {1998},
  bibtexkey             = {khacikjan_elamite-language1998},
  class_loc             = {P943},
  document_type         = {B},
  hhtype                = {grammar_sketch},
  inlg                  = {English [eng]},
  inlg_code             = {eng},
  isbn                  = {9788887345018},
}
@book{mortensen_northern-embera1999v2,
  address               = {Dallas: SIL},
  author                = {Charles Arthur Mortensen},
  journal               = {SILPL},
  note                  = {Also SILPL 134},
  pages                 = {xiv+194},
  publisher             = {SIL International and University of Texas at Arlington},
  series                = {Studies in the Languages of Colombia},
  title                 = {A Reference Grammar of Northern Embera Languages},
  volume                = {7},
  year                  = {1999},
  bibtexkey             = {mortensen_reference-embera1999},
  class_loc             = {PM5778},
  document_type         = {B},
  fn                    = {south_america\mortensen_northern-embera1999_o.pdf, south_america\mortensen_northern-embera1999v2.pdf, south_america\mortensen_northern-embera1999.pdf},
  hhtype                = {grammar},
  inlg                  = {English [eng]},
  inlg_code             = {eng},
  macro_area            = {South America},
  mpi_eva_library_shelf = {PM 5778 MOR 1999},
  src                   = {fabreall2009ann, hh, mpieva, wals},
  srctrickle            = {fabreall2009ann#Choco_embera_del_norte28, hh#g:Mortensen:NEmbera, mpieva#Mortensen1999Areferen, wals#4228},
  subject_headings      = {Catio language–Grammar, Colombia–Languages–Grammar, Panama–Languages–Grammar, Catio language–Grammar – Colombia–Languages–Grammar – Panama–Languages–Grammar}
}
@incollection{crevels_itonama2012_o,
  address    = {La Paz},
  author     = {Mily Crevels},
  booktitle  = {Ambito Andino},
  editor     = {Mily Crevels and Pieter Muysken},
  pages      = {233-294},
  publisher  = {Plural Editores},
  series     = {Lenguas de Bolivia},
  title      = {Itonama},
  volume     = {2},
  year       = {2012},
  bibtexkey  = {crevels_itonama2012},
  fn         = {south_america\crevels_itonama2012_o.pdf},
  hhtype     = {grammar_sketch},
  macro_area = {South America},
  src        = {hh},
  srctrickle = {hh#s:Crevels:Itonama:2012}
}
@phdthesis{dasilva_kaingang-paulista2011,
  author     = {Maria Sueli Ribeiro da Silva},
  pages      = {263},
  school     = {Universidade Estadual Paulista/São José do Rio Preto},
  title      = {A língua Kaingáng da aldeia paulista Icatu: uma descrição funcional},
  year       = {2011},
  bibtexkey  = {silva_paulista-icatu2011},
  fn         = {south_america\dasilva_kaingang-paulista2011.pdf},
  hhtype     = {grammar},
  inlg       = {Portguese [por]},
  macro_area = {South America},
  src        = {hh},
  srctrickle = {hh#g:daSilva:Kaingang}
}
@phdthesis{winkler_limonese-creole1998,
  address               = {Ann Arbor},
  author                = {Winkler, Elizabeth Grace},
  pages                 = {307},
  publisher             = {UMI},
  school                = {Indiana University},
  title                 = {Limonese Creole: A Case of Contact-Induced Language Change},
  year                  = {1998},
  abstract              = {Evidence indicates that the lexicon and morphosyntax of Limonese Creole (LC) are being affected due to contact with both Costa Rican Spanish and Standard English (SE). Spanish, the prestige language of the wider community, has not altogether replaced LC resulting in a situation in which LC speakers borrow from Spanish when speaking LC. Borrowing from Spanish includes not only core lexicon, but also, morphosyntactic borrowing including a shift in the word order of the noun phrase and the combination of Spanish root morphemes with LC affixes. This study examines these changes through the use of token analysis of a naturally occurring corpus to determine which features have been borrowed into LC and which represent examples of codeswitching. The study has 3 goals: (1) to describe the nature and extent of borrowing, (2) to evaluate Thomason and Kaufman's 1988 framework for contact-induced language change, and (3) to offer criteria for differentiating between codeswitching and borrowing. Borrowing in this unusual community provides support for Thomason and Kaufman's framework; nevertheless, it also presents some interesting challenges because LC exhibits contact-induced change on two fronts: borrowing from Spanish and strengthening from SE. Although Spanish is the numerically and socially dominant language of the community, SE has recently begun to affect LC due to a rise in the domains where it is available to the community. This increase in the availability of SE combined with its worldwide prestige seem to be having a stabilizing affect on the LC community stemming what could have been a wholesale community shift to Spanish. LC makes a good test case for the Thomason and Kaufman model because changes have been documented from the beginning of contact between LC and Spanish, permitting language change, maintenance, and shift to be studied and evaluated as they occur.},
  adviser               = {Valdman, Albert},
  bibtexkey             = {winkler_limonese-induced1998},
  class_loc             = {P2000},
  degree                = {PhD},
  digital_formats       = {PDF 14.08Mb image-only PDF},
  document_type         = {B},
  fn                    = {north_america\winkler_limonese-creole1998.pdf, north_america\winkler_limonese1999_o.pdf, north_america\winkler_limonese1999_o.pdf},
  hhtype                = {comparative},
  inlg                  = {English [eng]},
  inlg_code             = {eng},
  isbn                  = {9780599332362},
  macro_area            = {North America},
  mpi_eva_library_shelf = {P 2000 WIN 2007},
  mpifn                 = {limonese_winkler1999_o.pdf},
  source                = {DAI-A 60/06, p. 2008, Dec 1999},
  src                   = {hh, mpieva},
  srctrickle            = {hh#v:Winkler:Limonese-Creole, mpieva#Winkler1998Limonese},
  subject               = {LANGUAGE, LINGUISTICS (0290)},
  subject_headings      = {Creole dialects, English –Jamaica, Creole dialects, English –Jamaica},
  umi_id                = {9932722}
}
@book{lu_maonan2008,
  address    = {Boca Raton},
  author     = {Lu, Tian Qiao},
  pages      = {428},
  publisher  = {Universal},
  title      = {A Grammar of Maonan},
  year       = {2008},
  bibtexkey  = {lu_grammar-maonan2008},
  fn         = {eurasia\lu_maonan2008.pdf},
  hhtype     = {grammar},
  inlg       = {English [eng]},
  inlg_code  = {eng},
  macro_area = {Eurasia},
  src        = {hh},
  srctrickle = {hh#g:Lu:Maonan}
}
@book{cablitz_marquesan2006,
  address               = {Berlin},
  author                = {Cablitz, Gabriele H.},
  note                  = {Includes bibliographical references and index},
  pages                 = {xx+682},
  publisher             = {Mouton de Gruyter},
  series                = {Trends in Linguistics: Studies and Monographs},
  title                 = {Marquesan: A Grammar of Space},
  url                   = {http://www.degruyter.com/view/books/9783110197754/9783110197754/9783110197754.xml},
  volume                = {169},
  year                  = {2006},
  bibtexkey             = {cablitz_marquesan-space2006},
  class_loc             = {PL6471},
  document_type         = {B},
  doi                   = {10.1515/9783110197754},
  fn                    = {papua\cablitz_marquesan2006.pdf},
  hhtype                = {grammar},
  inlg                  = {English [eng]},
  inlg_code             = {eng},
  isbn                  = {978-3-11-018949-0, 3-11-018949-6, 978-3-11-018949-0},
  macro_area            = {Papua},
  mpi_eva_library_shelf = {PL 6471 CAB 2006},
  src                   = {degruyter, hh, mpieva},
  srctrickle            = {degruyter#/books/9783110197754/9783110197754/9783110197754.xml, hh#g:Cablitz:Marquesan, mpieva#Cablitz2006Marquesa},
  subject_headings      = {Marquesan language–Grammar, Space and time in language, Marquesan language–Locative constructions, Marquesan language–Grammar – Space and time in language – Marquesan language–Locative constructions}
}
@incollection{vansluijs_negerhollands2013_o.pdf,
  address    = {Oxford},
  author     = {Robbert van Sluijs},
  booktitle  = {English-based and Dutch-based Languages},
  editor     = {Susanne Maria Michaelis and Philippe Maurer and Martin Haspelmath and Magnus Huber},
  pages      = {265-274},
  publisher  = {Oxford University Press},
  series     = {Atlas of Pidgin and Creole Languages},
  title      = {Negerhollands},
  volume     = {1},
  year       = {2013},
  bibtexkey  = {sluijs_negerhollands2013},
  fn         = {south_america\michaelis_english-dutch2013_o.zip, north_america\vansluijs_negerhollands2013_o.pdf},
  hhtype     = {grammar_sketch},
  inlg       = {English [eng]},
  macro_area = {North America},
  src        = {hh},
  srctrickle = {hh#s:vanSluijs:Negerhollands}
}
@book{payne-payne_panare2013.pdf,
  address    = {Leiden},
  author     = {Thomas E. Payne and Doris L. Payne},
  pages      = {486},
  publisher  = {Brill},
  series     = {Brill's Studies in the Indigenous Languages of the Americas},
  title      = {A Typological Grammar of Panare: A Cariban Language of Venezuela},
  year       = {2013},
  bibtexkey  = {payne-payne_panare-cariban2013},
  fn         = {south_america\payne-payne_panare2013.pdf},
  hhtype     = {grammar},
  inlg       = {English [eng]},
  macro_area = {South America},
  src        = {hh},
  srctrickle = {hh#g:PaynePayne:Panare}
}
@phdthesis{higuita_puinave2008_s.pdf,
  address          = {Utrecht},
  author           = {Higuita, Jesús Mario Girón},
  pages            = {xx+476},
  publisher        = {LOT},
  school           = {University of Amsterdam},
  title            = {Una gramatica del Wansöjöt (Puinave)},
  url              = {http://www.lotpublications.nl/publish/issues/Giron/index.html},
  year             = {2008},
  bibtexkey        = {higuita_wansojot-puinave2008},
  class_loc        = {PM 6947},
  document_type    = {CF},
  fn               = {south_america/higuita_puinave2008_s.pdf},
  fnnote           = {pdf, 2,81 MB},
  hhtype           = {grammar},
  inlg             = {Dutch [nld]},
  inlg_code        = {nld},
  isbn             = {9789078328599},
  macro_area       = {South America},
  mpifn            = {puinave_higuita2008_s.pdf},
  src              = {mpieva},
  srctrickle       = {mpieva#Higuita2008Unagrama},
  subject_headings = {Puinave language – Grammar, Puinave language – Grammar}
}
@book{feu_rapanui1996,
  address            = {London &New York},
  author             = {Feu, Veronica Du},
  pages              = {240},
  publisher          = {Routledge},
  series             = {Descriptive Grammars Series},
  title              = {Rapanui},
  year               = {1996},
  bibtexkey          = {feu_rapanui1996},
  fn                 = {papua\feu_rapanui1996.pdf},
  guldemann_location = {K1 Mal-DuFeu},
  hhtype             = {grammar},
  inlg               = {English [eng]},
  macro_area         = {Papua},
  src                = {guldemann, hh, wals},
  srctrickle         = {guldemann#1242, hh#g:DuFeu:Rapanui, wals#1593}
}
@book{vamarasi_rotuman2002.pdf,
  address               = {München},
  author                = {Marit Vamarasi},
  pages                 = {57},
  publisher             = {Lincom},
  series                = {Languages of the World/Materials},
  title                 = {Rotuman},
  volume                = {415},
  year                  = {2002},
  bibtexkey             = {vamarasi_rotuman2002},
  class_loc             = {PL6297},
  document_type         = {B},
  fn                    = {papua\vamarasi_rotuman2002.pdf},
  hhtype                = {grammar_sketch},
  inlg                  = {English [eng]},
  inlg_code             = {eng},
  isbn                  = {9783895863035},
  macro_area            = {Papua},
  mpi_eva_library_shelf = {PL 6297 VAM 2002},
  src                   = {hh, mpieva},
  srctrickle            = {hh#s:Vamarasi:Rotuman, mpieva#Vamarasi2002Rotuman},
  subject_headings      = {Rotuman language–Grammar, Rotuman language–Grammar}
}
@incollection{wheeler_siona2000.pdf,
  address          = {Santafé de Bogotá},
  author           = {Alva Wheeler},
  booktitle        = {Lenguas indígenas de Colombia: una visión descriptiva},
  editor           = {González de Pérez, María Stella and Rodríguez de Montes, María Luisa},
  pages            = {181-198},
  publisher        = {Instituto Caro y Cuervo},
  title            = {La Lengua Siona},
  year             = {2000},
  added            = {2014-07-09 13:41:25 +0000},
  bibtexkey        = {wheeler_lengua-siona2000},
  country          = {Colombia [CO]},
  fn               = {south_america\gonzalez-rodriguez_colombia2000v2_o.pdf, south_america\gonzalez-rodriguez_colombia2000.pdf, south_america\gonzalez-rodriguez_colombia2000v2.pdf, south_america\gonzalez-rodriguez_colombia2000_o.pdf, south_america\wheeler_siona2000.pdf},
  hhtype           = {grammar_sketch},
  inlg             = {Spanish [spa]},
  inlg_code        = {spa},
  isbn             = {9789586110839},
  macro_area       = {South America},
  modified         = {2014-07-09 13:41:26 +0000},
  sil_id           = {41142},
  src              = {hh, phoible, sil16},
  srctrickle       = {hh#s:Wheeler:Siona, phoible#2060_Wheeler2000, sil16#41142},
  subject          = {Grammatical descriptions [GRD]},
  subject_headings = {Indians of South America–Colombia–Languages}
}
@incollection{dahl_siriono2014_o,
  address    = {La Paz},
  author     = {Dahl, \"{O}.},
  booktitle  = {Oriente},
  editor     = {Pieter Muysken and Mily Crevels},
  pages      = {99-133},
  publisher  = {Plural Editores},
  series     = {Lenguas de Bolivia},
  title      = {Sirionó},
  volume     = {3},
  year       = {2014},
  bibtexkey  = {dahl_siriono2014},
  fn         = {south_america\crevels-muysken_oriente2014_o.pdf, south_america\dahl_siriono2014_o.pdf, south_america\crevels-muysken_oriente2014.pdf, south_america\dahl_siriono2014.pdf},
  hhtype     = {grammar_sketch},
  inlg       = {Spanish [spa]},
  macro_area = {South America},
  src        = {hh},
  srctrickle = {hh#s:Dahl:Siriono}
}
@book{lunt_old-church-slavonic2001.pdf,
  address               = {Berlin},
  author                = {Lunt, Horace G.},
  edition               = {7},
  pages                 = {xvi+264},
  publisher             = {Mouton de Gruyter},
  title                 = {Old Church Slavonic grammar},
  url                   = {http://www.degruyter.com/view/books/9783110876888/9783110876888/9783110876888.xml},
  year                  = {2001},
  bibtexkey             = {lunt_church-slavonic2001},
  class_loc             = {PG619},
  document_type         = {B},
  doi                   = {10.1515/9783110876888},
  fn                    = {eurasia\lunt_old-church-slavonic2001.pdf},
  hhtype                = {grammar},
  inlg                  = {English [eng]},
  inlg_code             = {eng},
  isbn                  = {9783110162844, 978-3-11-016284-4},
  macro_area            = {Eurasia},
  mpi_eva_library_shelf = {PG 619 LUN 2001 (7)},
  src                   = {degruyter, hh, mpieva},
  srctrickle            = {degruyter#/books/9783110876888/9783110876888/9783110876888.xml, hh#g:Lunt:Old-Church-Slavonic, mpieva#Lunt2001OldChurc},
  subject_headings      = {Church Slavic language–Grammar, Church Slavic language–Grammar}
}
@book{hartmann_tai-lue1984.pdf,
  address               = {Canberra},
  author                = {Hartmann, John F.},
  note                  = {Bibliography: p. 212-230.},
  pages                 = {ix+230},
  publisher             = {Dept. of Linguistics, Research School of Pacific Studies, Australian National University},
  series                = {Pacific linguistics: Series B},
  title                 = {Linguistic and memory structures of Tai-Lue oral narratives},
  volume                = {90},
  year                  = {1984},
  bibtexkey             = {hartmann_memory-lue1984},
  class_loc             = {PL4251.L8},
  document_type         = {B},
  fn                    = {eurasia\hartmann_tai-lue1984.pdf},
  hhtype                = {grammar_sketch;specific_feature},
  inlg                  = {English [eng]},
  inlg_code             = {eng},
  isbn                  = {9780858832961},
  keywords              = {Tai Lü: Oral lit},
  macro_area            = {Eurasia},
  mpi_eva_library_shelf = {PL 4251 .L8 HAR 1984},
  seanote               = {Revision of 1976 University of Michigan Ph.D. dissertation},
  shelf_location        = {UCSC McHenry P11.L54 no.90},
  src                   = {hh, mpieva, sala},
  srctrickle            = {hh#styp:Hartmann:Tai-Lue, mpieva#Hartmann1984Linguist, sala#3692},
  subject_headings      = {Folk literature, Lü – History and criticism, Lü language – Syntax, Folk literature, Lü – History and criticism – Lü language – Syntax}
}
@book{garay_tehuelche1998.pdf,
  address               = {Valdivia},
  author                = {Fernández Garay, Ana},
  journal               = {Anejos de Estudios Filológicos},
  pages                 = {481},
  publisher             = {Facultad de Filosofía y Humanidades, Universidad Austral de Chile},
  series                = {Estudios Filológicos},
  title                 = {El tehuelche: una lengua en vías de extinción},
  volume                = {15},
  year                  = {1998},
  bibtexkey             = {garay_vias-extincion1998},
  class_loc             = {PM6751},
  document_type         = {B},
  fn                    = {south_america\garay_tehuelche1998pages.pdf, south_america\garay_tehuelche1998.pdf, south_america\garay_tehuelche1998_o.pdf},
  hhtype                = {grammar},
  inlg                  = {Spanish [spa]},
  inlg_code             = {spa},
  isbn                  = {9789567105137},
  macro_area            = {South America},
  mpi_eva_library_shelf = {PM 6751 FER 1998},
  src                   = {fabreall2009ann, hh, mpieva, wals},
  srctrickle            = {fabreall2009ann#Chon_aonik'enk038, hh#g:Garay:Tehuelche, mpieva#Fernandez1998Eltehuel, wals#1852}
}
@incollection{rose_trinitario2014.pdf,
  address    = {La Paz},
  author     = {Françoise Rose},
  booktitle  = {Oriente},
  editor     = {Pieter Muysken and Mily Crevels},
  pages      = {59-97},
  publisher  = {Plural Editores},
  series     = {Lenguas de Bolivia},
  title      = {Mojeño Trinitario},
  volume     = {3},
  year       = {2014},
  bibtexkey  = {rose_mojeno-trinitario2014},
  fn         = {south_america\rose_trinitario2012.pdf, south_america\rose_trinitario2014_o.pdf, south_america\crevels-muysken_oriente2014_o.pdf, south_america\crevels-muysken_oriente2014.pdf, south_america\rose_trinitario2014.pdf},
  hhtype     = {grammar_sketch},
  macro_area = {South America},
  src        = {hh},
  srctrickle = {hh#s:Rose:Trinitario}
}
@incollection{barnes-malone_tuyuca2000_o.pdf,
  address          = {Santafé de Bogotá},
  author           = {Janet Barnes and Terrell Malone},
  booktitle        = {Lenguas indígenas de Colombia: una visión descriptiva},
  editor           = {González de Pérez, María Stella and Rodríguez de Montes, María Luisa},
  pages            = {437-452},
  publisher        = {Instituto Caro y Cuervo},
  title            = {El Tuyuca},
  year             = {2000},
  bibtexkey        = {barnes-malone_el-tuyuca2000},
  country          = {Colombia [CO]},
  fn               = {south_america\barnes-malone_tuyuca2000_o.pdf, south_america\gonzalez-rodriguez_colombia2000v2_o.pdf, south_america\gonzalez-rodriguez_colombia2000.pdf, south_america\gonzalez-rodriguez_colombia2000v2.pdf, south_america\gonzalez-rodriguez_colombia2000_o.pdf},
  hhtype           = {grammar_sketch},
  inlg             = {Spanish [spa]},
  inlg_code        = {spa},
  isbn             = {9789586110839},
  macro_area       = {South America},
  sil_id           = {41147},
  src              = {hh, sil16},
  srctrickle       = {hh#s:BarnesMalone:Tuyuca, sil16#41147},
  subject          = {Grammatical descriptions [GRD]},
  subject_headings = {Indians of South America–Colombia–Languages}
}
@book{emiri_yanomame1981.pdf,
  address    = {Boa Vista},
  author     = {Emiri, Loretta},
  pages      = {78},
  publisher  = {Missão Catrimâni},
  title      = {Gramática pedagógica da língua Yãnomamè},
  year       = {1981},
  bibtexkey  = {emiri_pedagogica-yanomame1981},
  fn         = {south_america\emiri_yanomame1981.pdf},
  hhtype     = {grammar_sketch},
  inlg       = {Portuguese [por]},
  macro_area = {South America},
  src        = {fabreall2009ann, hh},
  srctrickle = {fabreall2009ann#Yanomami_yanomam29, hh#s:Emiri:Yanomame}
}
@book{lizot_yanomami1996_o.pdf,
  address    = {Caracas},
  author     = {Lizot, Jacques},
  pages      = {240},
  publisher  = {Vicariato Apostólico de Puerto Ayacucho/UNICEF},
  title      = {Introducción a la lengua yanomami: Morfología},
  year       = {1996},
  bibtexkey  = {lizot_introduccion-yanomami1996},
  fn         = {south_america\lizot_yanomami1996.pdf, south_america\lizot_yanomami1996_o.pdf},
  hhtype     = {grammar},
  inlg       = {Spanish [spa]},
  inlg_code  = {spa},
  macro_area = {South America},
  src        = {fabreall2009ann, hh},
  srctrickle = {fabreall2009ann#Yanomami_yanomami091, hh#g:Lizot:Yanomami}
}
@incollection{mosonyietal_yavitero2000.pdf,
  address    = {Caracas},
  author     = {Emilio Esteban Mosonyi and Jorge C. Mosonyi and Águeda Largo},
  booktitle  = {Manual de Lenguas Indígenas de Venezuela},
  editor     = {Mosonyi, Esteban Emilio and Jorge Carlos Mosonyi},
  pages      = {594-691},
  publisher  = {Fundación Bigott},
  series     = {Serie Origenes},
  title      = {Yavitero},
  volume     = {2},
  year       = {2000},
  added      = {2014-07-09 13:41:25 +0000},
  bibtexkey  = {largo-mosonyi-mosonyi_yavitero2000},
  fn         = {south_america\mosonyietal_yavitero2000.pdf},
  hhtype     = {grammar_sketch},
  inlg       = {Spanish [spa]},
  inlg_code  = {spa},
  macro_area = {South America},
  modified   = {2014-07-09 13:41:25 +0000},
  src        = {hh, phoible},
  srctrickle = {hh#s:Mosonyietal:Yavitero, phoible#1839_Mosonyi2000}
}
@phdthesis{mosonyi_yavitero1987.pdf,
  author     = {Mosonyi, Jorge C.},
  pages      = {242},
  publisher  = {Tesis doctoral de la Universidad Central de Venezuela},
  school     = {Caracas: Universidad Central de Venezuela},
  title      = {El idioma yavitero: ensayo de gramática y diccionario},
  year       = {1987},
  bibtexkey  = {mosonyi_yavitero-ensayo1987},
  fn         = {south_america\mosonyi_yavitero1987.pdf},
  hhtype     = {grammar},
  inlg       = {Spanish [spa]},
  inlg_code  = {spa},
  lgfamily   = {Arawak},
  macro_area = {South America},
  src        = {fabreall2009ann, hh},
  srctrickle = {fabreall2009ann#Arawak69, fabreall2009ann#Arawak_yavitero5, hh#g:Mosonyi:Yavitero}
}
@book{stewart_kekchi1980v2.pdf,
  address    = {Guatemala},
  author     = {Stephen Stewart},
  pages      = {170},
  publisher  = {Editorial Academica Centro Americana},
  title      = {Gramática Kekchí},
  year       = {1980},
  bibtexkey  = {stewart_gramatica-kekchi1980},
  fn         = {north_america\stewart_kekchi1980v2.pdf, north_america\stewart_kekchi1980.pdf},
  hhtype     = {grammar},
  inlg       = {English [eng]},
  macro_area = {North America},
  src        = {hh},
  srctrickle = {hh#g:Stewart:Kekchi}
}
@book{corne_seychelles-creole1977.pdf,
  address    = {Tübingen},
  author     = {Chris Corne},
  pages      = {227},
  publisher  = {TBL Günter Narr},
  series     = {Tübinger Beiträge zur Linguistik},
  title      = {Seychelles Creole Grammar},
  volume     = {91},
  year       = {1977},
  bibtexkey  = {corne_seychelles-creole1977},
  fn         = {africa\corne_seychelles-creole1977.pdf},
  hhtype     = {grammar},
  inlg       = {English [eng]},
  macro_area = {Africa},
  src        = {hh},
  srctrickle = {hh#g:Corne:Seychelles}
}
@book{hudson_bengali1965.pdf,
  address    = {London},
  author     = {D. F. Hudson},
  pages      = {134},
  publisher  = {St. Paul's House},
  series     = {Teach Yourself Books},
  title      = {Bengali},
  year       = {1965},
  bibtexkey  = {hudson_bengali1965},
  fn         = {eurasia\hudson_bengali1965.pdf},
  hhtype     = {grammar},
  inlg       = {English [eng]},
  macro_area = {Eurasia},
  src        = {hh},
  srctrickle = {hh#g:Hudson:Bengali}
}
@incollection{ostler_muisca1994_o.pdf,
  address    = {Newark},
  author     = {Ostler, Nicholas},
  booktitle  = {Language in the Andes, Latin American Studies},
  editor     = {Peter Cole and Gabrielle Hermon and Mario D. Martin},
  pages      = {205-230},
  publisher  = {University of Delaware},
  title      = {Syntactic Typology of Muisca - a Sketch},
  year       = {1994},
  bibtexkey  = {ostler_syntactic-muisca1994},
  fn         = {south_america\ostler_muisca1994_o.pdf},
  hhtype     = {grammar_sketch},
  inlg       = {English [eng]},
  inlg_code  = {eng},
  macro_area = {South America},
  src        = {hh, wals},
  srctrickle = {hh#s:Ostler:Muisca, wals#4551}
}
@book{browne-alt_serbo-croatian.pdf,
  title={A handbook of Bosnian, Serbian, and Croatian},
  author={Brown, Wayles and Alt, Theresa},
  year={2004},
  publisher={Citeseer}
}
@book{zucker_yiddish1994.pdf,
  title={Yiddish: An Introduction to the Language},
  author={Zucker, Sheva},
  volume={1},
  pages={135},
  year={1994}
}
@book{byrne_saramaccan1985.pdf,
  title={VERB SERIALIZATION AND PREDICATE COMPLEMENTATION IN SARAMACCAN.},
  author={BYRNE JR, FRANCIS},
  year={1985},
  publisher={The University of Arizona.}
}


@book{axel_old-high-german-syntax2007.pdf,
  title={Studies on Old High German syntax: left sentence periphery, verb placement and verb-second},
  author={Axel, Katrin},
  volume={112},
  year={2007},
  publisher={John Benjamins Publishing}
}

@book{villard_zacatepec-chatino2009,
 title={Grammatical Sketch of Zacatepec Chatino},
 author={St'{e}phanie Villard},
 publisher={Doctoral thesis, The University of Texas at Austin},
 year={2009}
}

@book{FaustLoosGramaticaYaminahua.pdf,
title={GRAM'{A}TICA DEL IDIOMA YAMINAHUA},
author={Norma Faust and Eugene E. Loos},
publisher={SERIE LING\"{U}\'{I}STICA PERUANA No. 51. INSTITUTO LING\"{U}\'{I}STICO DE VERANO},
year={2002},
}

@book{petrova_sakha-yakut2011.pdf,
title={lexical and clause-linkage properties of the converbal constructions
in sakha (yakut)},
author={Nyurguyana Petrova},
year={2011},
publisher={Doctoral thesis, the University at Buffalo, State University of New York},
}

@book{infoonpitesaami(initial)-wilbur_pite-saami2014,
  title={A grammar of Pite Saami},
  author={Wilbur, Joshua},
  year={2014},
  publisher={Language Science Press}
}

@book{Yamana(Adam_1885).pdf,
title={Gammaire de la Langue Jagane},
author={L. Adam},
publisher={Maisonneuve Freres & Ch. Leclerc},
year={1885},
}

@book{cowan_tzotzil2014.pdf,
author={Cowan, M.},
title={Tzotzil Materials},
publisher={Bartholomew Collection of Unpublished Materials SIL International - Mexico Branch},
year={2014},
}

@misc{DutchQuestionWords,
   Author = {Broekhuis, Hans; Corver, Norbert},
   Title = {{ 11.3.1. Wh-questions }},
   Url = {http://www.taalportaal.org/taalportaal/topic/link/syntax____Dutch__vp__V11_Word_order_Clause_initial_position__V11_Word_order_Clause_initial_position.11.3.1.xml},
   Month = {June 07},
   Year = {2016},
   Note = {Retrieved September 01, 2016 from \url{http://www.taalportaal.org/taalportaal/topic/link/syntax____Dutch__vp__V11_Word_order_Clause_initial_position__V11_Word_order_Clause_initial_position.11.3.1.xml}}
}

@inbook{wals-93,
  address   = {Leipzig},
  author    = {Matthew S. Dryer},
  booktitle = {The World Atlas of Language Structures Online},
  editor    = {Matthew S. Dryer and Martin Haspelmath},
  publisher = {Max Planck Institute for Evolutionary Anthropology},
  title     = {Position of Interrogative Phrases in Content Questions},
  url       = {http://wals.info/chapter/93},
  year      = {2013}
}

@book{15_Pronouns.pdf,
  title={A grammar of Cavine{\~n}a},
  author={Guillaume, Antoine},
  volume={44},
  year={2008},
  publisher={Walter de Gruyter}
}

@phdthesis{weberrobert_rapanui1988_o.pdf,
  title={The verbal morphology of Rapa Nui, the Polynesian language of Easter Island, and its function in narrative discourse},
  author={Weber, Robert L},
  year={2007},
  school={UMI Ann Arbor}
}


@book{wieseman_kaingang1972.pdf,
title={Die Phonologische und Grammatische Struktur der Kaingang-Sprache},
author={U Wiesemann},
year={1972},
publisher={Mouton:The Hague},
}

@book{bertinetto_ayoreo[nd].pdf,
author={P. M. Bertinetto},
title={Ayoreo (Zamuco) An overview},
year={XXXX},
}

@incollection{bertinetto_ayoreo[nd],
  address    = {La Paz},
  author     = {Bertinetto, Pier Marco},
  booktitle  = {Oriente},
  editor     = {Pieter Muysken and Mily Crevels},
  pages      = {369-413},
  publisher  = {Plural Editores},
  series     = {Lenguas de Bolivia},
  title      = {Ayoreo},
  volume     = {3},
  year       = {2014},
  bibtexkey  = {bertinetto_ayoreo2014},
  fn         = {south_america\crevels-muysken_oriente2014.pdf, south_america\bertinetto_ayoreo2014.pdf, south_america\crevels-muysken_oriente2014_o.pdf, south_america\bertinetto_ayoreo2014_o.pdf},
  hhtype     = {grammar_sketch},
  inlg       = {Spanish [spa]},
  macro_area = {South America},
  src        = {hh},
  srctrickle = {hh#s:Bertinetto:Ayoreo:2014}
}